<record><leader>00000cas a2200000 a 4500</leader><controlfield tag="001">9890329</controlfield><controlfield tag="008">830909d18581935nyuwr ne      0    0eng c</controlfield><datafield ind1=" " ind2=" " tag="010"><subfield code="a">sn 83031503 </subfield><subfield code="z">sn 84031645 </subfield></datafield><datafield ind1=" " ind2=" " tag="040"><subfield code="a">NPU</subfield><subfield code="b">eng</subfield><subfield code="c">NPU</subfield><subfield code="d">NPX</subfield><subfield code="d">DLC</subfield><subfield code="d">OCL</subfield><subfield code="d">NYS</subfield><subfield code="d">OCL</subfield><subfield code="d">OCLCQ</subfield><subfield code="d">OCLCF</subfield><subfield code="d">OCLCO</subfield></datafield><datafield ind1=" " ind2=" " tag="012"><subfield code="b">3</subfield></datafield><datafield ind1=" " ind2=" " tag="019"><subfield code="a">11205610</subfield></datafield><datafield ind1=" " ind2=" " tag="042"><subfield code="a">pcc</subfield></datafield><datafield ind1=" " ind2=" " tag="043"><subfield code="a">n-us-ny</subfield></datafield><datafield ind1="0" ind2=" " tag="130"><subfield code="a">Examiner (Catskill, N.Y.)</subfield></datafield><datafield ind1="1" ind2="4" tag="245"><subfield code="a">The examiner.</subfield></datafield><datafield ind1="1" ind2="7" tag="246"><subfield code="a">Catskill weekly examiner</subfield></datafield><datafield ind1="1" ind2=" " tag="246"><subfield code="i">Sometimes published as:</subfield><subfield code="a">Catskill examiner</subfield><subfield code="f">&lt;1906-1914&gt;</subfield></datafield><datafield ind1="1" ind2=" " tag="246"><subfield code="i">Published a "joint extra edition" called:</subfield><subfield code="a">Examiner. and the recorder</subfield><subfield code="f">Sept. 17, 1928</subfield></datafield><datafield ind1=" " ind2=" " tag="260"><subfield code="a">Catskill, N.Y. :</subfield><subfield code="b">Trowbridge &amp; Gunn,</subfield><subfield code="c">1858-1935.</subfield></datafield><datafield ind1=" " ind2=" " tag="300"><subfield code="a">v. :</subfield><subfield code="b">ill. ;</subfield><subfield code="c">66 cm.</subfield></datafield><datafield ind1=" " ind2=" " tag="310"><subfield code="a">Weekly</subfield></datafield><datafield ind1="0" ind2=" " tag="362"><subfield code="a">Vol. 1, no. 37 (June 26, 1858)-v. 105, no. 50 (July 25, 1935).</subfield></datafield><datafield ind1=" " ind2=" " tag="500"><subfield code="a">Published by: M.H. Trowbridge, &lt;1872&gt;; Fred. E. Craigie, &lt;1896-1906&gt;.</subfield></datafield><datafield ind1=" " ind2=" " tag="500"><subfield code="a">Published "Centennial edition", Aug. 14, 1930.</subfield></datafield><datafield ind1=" " ind2="0" tag="651"><subfield code="a">Catskill (N.Y.)</subfield><subfield code="v">Newspapers.</subfield></datafield><datafield ind1=" " ind2="0" tag="651"><subfield code="a">Greene County (N.Y.)</subfield><subfield code="v">Newspapers.</subfield></datafield><datafield ind1=" " ind2="7" tag="655"><subfield code="a">Newspapers.</subfield><subfield code="2">fast</subfield><subfield code="0">(OCoLC)fst01423814</subfield></datafield><datafield ind1=" " ind2="7" tag="651"><subfield code="a">New York (State)</subfield><subfield code="z">Catskill.</subfield><subfield code="2">fast</subfield><subfield code="0">(OCoLC)fst01222261</subfield></datafield><datafield ind1=" " ind2="7" tag="651"><subfield code="a">New York (State)</subfield><subfield code="z">Greene County.</subfield><subfield code="2">fast</subfield><subfield code="0">(OCoLC)fst01220663</subfield></datafield><datafield ind1=" " ind2=" " tag="752"><subfield code="a">United States</subfield><subfield code="b">New York</subfield><subfield code="c">Greene</subfield><subfield code="d">Catskill.</subfield></datafield><datafield ind1="0" ind2="0" tag="780"><subfield code="t">Examiner and Greene County Whig</subfield><subfield code="w">(DLC)sn 83031504</subfield><subfield code="w">(OCoLC)9890395</subfield></datafield><datafield ind1="0" ind2="0" tag="785"><subfield code="t">Daily examiner (Catskill, N.Y.)</subfield><subfield code="w">(DLC)sn 91066676</subfield><subfield code="w">(OCoLC)24490570</subfield></datafield></record>